@book{Tong1990,
  title={The multivariate normal distribution},
  author={Tong, Y.L.},
  isbn={9780387970622},
  lccn={89021929},
  series={Springer Series in Statistics},
  url={https://books.google.ca/books?id=H\_q3vORwyJcC},
  year={1990},
  publisher={SPRINGER VERLAG GMBH}
}
@article{Feng2014,
  author    = {Shu Feng and
               Gu Chen and
               Michael Mao Wang and
               Stevan M. Berber and
               Xiaohu You},
  title     = {Probability density derivation and analysis of {SINR} in massive {MIMO}
               systems with {MF} beamformer},
  journal   = {CoRR},
  volume    = {abs/1411.0080},
  year      = {2014},
  url       = {http://arxiv.org/abs/1411.0080},
  archivePrefix = {arXiv},
  eprint    = {1411.0080},
  timestamp = {Mon, 13 Aug 2018 16:48:52 +0200},
  biburl    = {https://dblp.org/rec/bib/journals/corr/FengCWBY14},
  bibsource = {dblp computer science bibliography, https://dblp.org}
}